% Encoding: UTF-8

@PhdThesis{井维亮2008基于攻击图的网络安全评估技术研究,
  author = {井维亮},
  title  = {基于攻击图的网络安全评估技术研究},
  school = {哈尔滨工程大学},
  year   = {2008},
}

@PhdThesis{吴小雄2016基于关联规则的安全威胁感知方法研究,
  author = {吴小雄},
  title  = {基于关联规则的安全威胁感知方法研究},
  school = {南京理工大学},
  year   = {2016},
}

@Article{史海滨2017基于机器学习的具备威胁感知和反馈环的自反击蜜罐,
  author  = {史海滨},
  title   = {基于机器学习的具备威胁感知和反馈环的自反击蜜罐},
  journal = {网络安全技术与应用},
  year    = {2017},
  number  = {8},
  pages   = {29-30},
}

@Article{龚俭2017网络安全态势感知综述,
  author  = {龚俭 and 臧小东 and 苏琪 and 胡晓艳 and 徐杰},
  title   = {网络安全态势感知综述},
  journal = {软件学报},
  year    = {2017},
  number  = {4},
  pages   = {1010-1026},
  month   = {5},
}

@PhdThesis{韦勇2009网络安全态势评估模型研究,
  author = {韦勇},
  title  = {网络安全态势评估模型研究},
  school = {中国科学技术大学},
  year   = {2009},
}

@InProceedings{D2001Security,
  author    = {D'Ambrosio, B. and Takikawa, M. and Fitzgerald, J. and Upper, D.},
  title     = {Security Situation Assessment and Response Evaluation (SSARE)},
  booktitle = {DARPA Information Survivability Conference \& Exposition II, 2001. DISCEX '01. Proceedings},
  year      = {2001},
  pages     = {387-394 vol.1},
}

@Article{吴鹏2015基于,
  author  = {吴鹏 and 皇甫涛},
  title   = {基于APT攻击链的网络安全态势感知},
  journal = {电信工程技术与标准化},
  year    = {2015},
  volume  = {28},
  number  = {12},
  pages   = {43-47},
}

@Misc{李元诚2013一种网络安全态势感知方法,
  author = {李元诚 and 井经涛},
  title  = {一种网络安全态势感知方法},
  year   = {2013},
}

@Article{贾美娟2012态势感知技术在网络安全中的研究,
  author  = {贾美娟 and 于海涛 and 蒋庆丰 and 邵国强},
  title   = {态势感知技术在网络安全中的研究},
  journal = {科技创新与应用},
  year    = {2012},
  number  = {9},
  pages   = {56-56},
}

@Comment{jabref-meta: databaseType:bibtex;}
