% Encoding: UTF-8

@InProceedings{Leonard2009A,
  author    = {Leonard, Justin and Xu, Shouhuai and Sandhu, Ravi},
  title     = {A Framework for Understanding Botnets},
  booktitle = {International Conference on Availability, Reliability and Security},
  year      = {2009},
  pages     = {917-922},
}

@Comment{jabref-meta: databaseType:bibtex;}
